@BOOK{Sch17,
	AUTHOR = {Schmidt, F.K.},
	YEAR = {2017},
	TITLE = {Einführung in das Kernphysikalische Praktikum},
	EDITION = {Ausgabe Oktober 2017},
	PUBLISHER = {Institut für Experimentelle Kernphysik},
	ADDRESS = {Karlsruhe}
}
