@BOOK{Dem10,
	AUTHOR = {Demtröder, W.},
	YEAR = {2010},
	TITLE = {Experimentalphysik 4 - Kern-, Teilchen- Und Astrophysik},
	EDITION = {3. Auflage},
	ISBN = {978-3-642-01598-4},
	PUBLISHER = {Springer DE},
	ADDRESS = {Berlin}
}

@BOOK{Prot99,
	AUTHOR = { Matthias Klaus Sickmüller},
	YEAR = {März 1999},
	TITLE = {Elektrische Leitfähigkeit von Festkörpern bei tiefen Temperaturen im Fortgeschrittenenpraktikum des Physikstudiums},
	PUBLISHER = {Institut für Experimentelle Kernphysik},
	ADDRESS = {Karlsruhe}
}