@BOOK{Dem10,
	AUTHOR = {Demtröder, W.},
	YEAR = {2010},
	TITLE = {Experimentalphysik 4 - Kern-, Teilchen- Und Astrophysik},
	EDITION = {3. Auflage},
	ISBN = {978-3-642-01598-4},
	PUBLISHER = {Springer DE},
	ADDRESS = {Berlin}
}

@book{wertheim2013mossbauer,
  title={M{\"o}ssbauer effect: principles and applications},
  author={Wertheim, Gunther K},
  year={2013},
  publisher={Academic Press}
}

@BOOK{Sch17,
	AUTHOR = {Schmidt, F.K.},
	YEAR = {Ausgabe Oktober 2017},
	TITLE = {Einführung in das Kernphysikalische Praktikum},
	PUBLISHER = {Institut für Experimentelle Kernphysik},
	ADDRESS = {Karlsruhe}
}
