@BOOK{Dem10,
	AUTHOR = {Demtröder, W.},
	YEAR = {2010},
	TITLE = {Experimentalphysik 4 - Kern-, Teilchen- Und Astrophysik},
	EDITION = {3. Auflage},
	ISBN = {978-3-642-01598-4},
	PUBLISHER = {Springer DE},
	ADDRESS = {Berlin}
}

# Paper from which the hysteresis model is derived
@article{test10,
author = {Takács, Jenõ},
year = {2001},
month = {12},
pages = {1002-1015},
title = {A phenomenological mathematical model of hysteresis},
volume = {20},
journal = {Compel-the International Journal for Computation and Mathematics in Electrical and Electronic Engineering - COMPEL-INT J COMPUT MATH ELEC},
doi = {10.1108/EUM0000000005771}
}
