@BOOK{Dem10,
	AUTHOR = {Demtröder, W.},
	YEAR = {2010},
	TITLE = {Experimentalphysik 4 - Kern-, Teilchen- Und Astrophysik},
	EDITION = {3. Auflage},
	ISBN = {978-3-642-01598-4},
	PUBLISHER = {Springer DE},
	ADDRESS = {Berlin}
}

@MISC{Manual,
	AUTHOR = {Unbekannt},
	YEAR = {2010},
	TITLE = {Halleffekt und Leitfähigkeit von Halbleitern},
	ADDRESS = {Karlsruhe}
}
